@Article{crocker-grier-spheres,
	author = "Crocker, J. C. and Grier, D. G.",
	title = "Methods of digital video microscopy for colloidal studies",
	volume = "179",
	year = "1996",
	pages = "298-310",
	journal = "Journal of Colloid and Interface Science",
}

@Article{complex-microrheology,
	author = "Mason, T. G. and Ganesan, K. and van Zanten, J. H. and Kuo, S. C.",
	title = "Particle tracking microrheology of complex fluids",
	volume =  "79",
	year = "1997",
	pages = "3282-3285",
	journal = "Physical Review Letters",
}

@Article{rods-mohraz,
	author = "Mohraz, A. and Solomon, M. J.",
	title = "Direct visualization of colloidal rod assebly by confocal microscopy",
	volume = "21",
	year = "2005",
	pages = "5298-5306",
	journal = "Langmuir",
}

@Article{solomon-dynamics,
	author = "Mukhija, D. and Solomon, M. J.",
	title = "Translational rotational dynamics of colloidal rods by direct visualization with confocal microscopy",
	volume = "314",
	year = "2007",
	pages = "98-106",
	journal = "Journal of Colloid and Interface Science",
}

@Article{conrad-microchannels,
	author = "Conrad, J. C. and Lewis, J. A.",
	title = "Structure of colloidal gels during microchannel flow",
	volume = "24",
	year = "2008",
	pages = "7628-7634",
	journal = "Langmuir",
}
