@Article {dendukuri-sfl,
	author = "Dendukuri, D. and Gu, S. S. and Pregibon, D. C. and Hatton, T. A. and Doyle, P. S.",
	title = "Stop-flow lithography in a microfluidic device",
	year = "2007",
	journal = "Lab On a Chip",
	volume = "7",
	pages = "818-828"
}

@Article {dendukuri-oxygen,
    author = "Dendukuri, D. and Panda, P. and Haghgooie, R. and Kim, J. M. and Hatton, T. A. and Doyle, P. S.",
    title = "Modeling of Oxygen-Inhibited Free Radical Photpolymerization in a PDMS Microfluidic Device",
    year = "2008",
    journal = "Macromolecules",
    volume = "41",
    pages = "8547-8556"
}
