%%%%%%%%%%%%%%%%%%%%%%%%%%%%%%%%%%%%%%%%%%%%%%%%%%%%%%%%%%%%%%%%%%%%%
% Tracking
%%%%%%%%%%%%%%%%%%%%%%%%%%%%%%%%%%%%%%%%%%%%%%%%%%%%%%%%%%%%%%%%%%%%%
@misc{idl-track,
	author = "Crocker, J. C. and Weeks, E. R.",
	title = "Particle Tracking Using IDL",
	howpublished = "\url{http://www.physics.emory.edu/~weeks/idl/}",
	year = "2010",
	month = "October",
}

@Article{crocker-grier-spheres,
	author = "Crocker, J. C. and Grier, D. G.",
	title = "Methods of digital video microscopy for colloidal studies",
	volume = "179",
	year = "1996",
	pages = "298-310",
	journal = "Journal of Colloid and Interface Science",
}

@Article{complex-microrheology,
	author = "Mason, T. G. and Ganesan, K. and van Zanten, J. H. and Kuo, S. C.",
	title = "Particle tracking microrheology of complex fluids",
	volume =  "79",
	year = "1997",
	pages = "3282-3285",
	journal = "Physical Review Letters",
}

@Article{rods-mohraz,
	author = "Mohraz, A. and Solomon, M. J.",
	title = "Direct visualization of colloidal rod assebly by confocal microscopy",
	volume = "21",
	year = "2005",
	pages = "5298-5306",
	journal = "Langmuir",
}

@Article{solomon-dynamics,
	author = "Mukhija, D. and Solomon, M. J.",
	title = "Translational rotational dynamics of colloidal rods by direct visualization with confocal microscopy",
	volume = "314",
	year = "2007",
	pages = "98-106",
	journal = "Journal of Colloid and Interface Science",
}

@Article{conrad-microchannels,
	author = "Conrad, J. C. and Lewis, J. A.",
	title = "Structure of colloidal gels during microchannel flow",
	volume = "24",
	year = "2008",
	pages = "7628-7634",
	journal = "Langmuir",
}

@Article{weitz-confocal,
	author = "Dinsmore, A. D. and Weeks, E. R. and Prasad, V. and Levitt, A. C. and Weitz, D. A.",
	title = "Three-Dimensional Confocal Microscopy of Colloids",
	journal = "Applied Optics",
	volume = "40",
	year = "2001",
	pages = "4152--4159",
}

@misc{kilfoil-matlab,
	author = "Kilfoil, M.",
	title = "Software; particle tracking, feature finding, and microrheology",
	howpublished = "\url{http://www.physics.mcgill.ca/~kilfoil/downloads.html}",
	year = "2010",
	month = "October"
}

@misc{blair-dufrense-matlab,
	author = "Blair, D. and Dufrense, E.",
	title = "The Matlab Particle Tracking Repository",
	howpublished = "\url{http://physics.georgetown.edu/matlab/}",
	year = "2010",
	month = "October",
}

@misc{optical-trapping-group,
	author = "Milne, G.",
	title = "The St. Andrews Tracker (LabView)",
	howpublished = "\url{http://faculty.washington.edu/gmilne/tracker.htm}",
	year = "2010",
	month = "October",
}

@Article{otsu-threshold,
	author = "Otsu, N.",
	title = "A Threshold Selection Method from Gray-Level Histograms",
	journal = "IEEE Transactons on Systems, Man and Cybernetics",
	volume = "9",
	year = "1979",
	pages = "62--66",
}

@Article{matlab-bwdist,
	author = "Maurer, C. and Qi, R. and Raghavan, V.",
	title = "A Linear Time Algorithm for Computing Exact Euclidean Distance Transforms of Binary Images in Arbitrary Dimensions",
	journal = "IEEE Transactions on Pattern Analysis and Machine Intelligence",
	year = "2003",
	volume = "25",
	pages = "265--270",
}

@Article{matlab-watershed,
	author = "Meyer, F.",
	title = "Topographic distance and watershed lines",
	journal = "Signal Processing",
	volume = "38",
	year = "1994",
	pages = "113--125",
}

@Book{soille-book,
	author = "Soille, P.",
	title = "Morphological Image Analysis: Principles and Applications",
	publisher = "Springer-Verlag",
	year = "1999",
}

@misc{matlab,
	author = "The MathWorks",
	title = "\textsc{Matlab} R2008a",
	year = "2008",
}


%%%%%%%%%%%%%%%%%%%%%%%%%%%%%%%%%%%%%%%%%%%%%%%%%%%%%%%%%%%%%%%%%%%%%
% SFL
%%%%%%%%%%%%%%%%%%%%%%%%%%%%%%%%%%%%%%%%%%%%%%%%%%%%%%%%%%%%%%%%%%%%%

@Article{dendukuri-sfl,
	author = "Dendukuri, D. and Gu, S. S. and Pregibon, D. C. and Hatton, T. A. and Doyle, P. S.",
	title = "Stop-flow lithography in a microfluidic device",
	year = "2007",
	journal = "Lab On a Chip",
	volume = "7",
	pages = "818-828"
}

@Article{dendukuri-oxygen,
    author = "Dendukuri, D. and Panda, P. and Haghgooie, R. and Kim, J. M. and Hatton, T. A. and Doyle, P. S.",
    title = "Modeling of Oxygen-Inhibited Free Radical Photpolymerization in a PDMS Microfluidic Device",
    year = "2008",
    journal = "Macromolecules",
    volume = "41",
    pages = "8547-8556"
}

@Article{dendukuri-amph,
    author = "Dendukuri, D. and Hatton, T. A. and Doyle, P.S.",
    title = "Synthesis and Self-Assembly of Amphiphilic Polymer Microparticles",
    year = "2007",
    journal = "Langmuir",
    volume = "23",
    issue = "8",
    pages = "4669-4674"
}

@Article{pregibon-dna,
    author = "Pregibon, D. C. and Toner, M. and Doyle, P. S.",
    title = "Multifunctional Encoded Particles for High-Throughput Biomolecule Analysis",
    journal = "Science",
    year = "2007",
    volume = "315",
    pages = "1393-1396"
}

@Article{dendukuri-cfl,
	author = "Dendukuri, D. and Pregibon, D. C. and Collins, J. and Hatton, T. A. and Dolye, P. S.",
	title = "Continuous-flow lithography for high-throughput microparticle synthesis",
	journal = "Nature Materials",
	year = "2006",
	volume = "5",
	pages = "365--369",
}

@Article{mohr-flow,
	author = "Mohr, W. D. and Saxton, R. L. and Jepsen, C. H.",
	title = "Mixing in Laminar-Flow Systems",
	journal = "Industrial and Engineering Chemistry",
	year = "1957",
	volume = "49",
	pages = "1855--1856",
}

@Article{stone-laminar,
	author = "Ismagilov, R. F. and Stroock, A. D. and Kenis, P. J. A. and Whitesides, G. and Stone, H. A.",
	title = "Experimental and theoretical scaling laws for transverse diffusive broadening in two-phase laminar flows in microchannels",
	journal = "Applied Physics Letters",
	year = "2000",
	volume = "76",
	pages = "2376--2378",
}

@Article{zero-pecora,
	author = "Zero, K. M. and Pecora, R.",
	title = "Rotational and translational diffusion in semidilute solutions of rigid-rod macromolecules",
	journal = "Macromolecules",
	year = "1982",
	volume = "15",
	pages = "87--93",
}

%%%%%%%%%%%%%%%%%%%%%%%%%%%%%%%%%%%%%%%%%%%%%%%%%%%%%%%%%%%%%%%%%%%%%
% General - Intro
%%%%%%%%%%%%%%%%%%%%%%%%%%%%%%%%%%%%%%%%%%%%%%%%%%%%%%%%%%%%%%%%%%%%%

@Article{vos-photonic,
	author = "Wijnhoven, J. E. G. J. and Vos, W. L.",
	title = "Preparation of Photonic Crystals Made of Air Spheres in Titania",
	journal = "Science",
	year = "1998",
	volume = "281",
	pages = "802-804"
}

@Article{yang-photonic,
	author = "Ozin, G. A. and Yang, S. M.",
	title = "The Race for the Photonic Chip: Colloidal Crystal Assembly in Silicon Wafers",
	journal = "Advanced Functional Materials",
	year = "2001",
	volume = "11",
	pages = "95-104"
}

@Article{zhang-tissue,
	author = "Zhang, Y. and Wang, S. and Eghtedari, M. and Motamedi, M. and Kotov, N. A.",
	title = "Inverted-Colloidal-Crystal Hydrogel Matrices as Three-Dimensional Cell Scaffolds",
	journal = "Advanced Functional Materials",
	year = "2005",
	volume = "15",
	pages = "725-731",
}

@Article{ise-crystal,
	author = "Yoshida, H. and Ito, K. and Ise, N.",
	title = "Colloidal crystal growth",
	journal = "Journal of the Chemical Society, Faraday Transactions",
	year = "1991",
	volume = "87",
	pages = "371--378",
}

@Article{wong-crystal,
	author = "Wong, S. and Kitaev, V. and Ozin, G. A.",
	title = "Colloidal Crystal Films: Advances in Universality and Perfection",
	journal = "Journal of the American Chemical Society",
	year = "2003",
	volume = "125",
	pages = "15589--15598",
}

@Article{warren-gel,
	author = "Lekkerkerker, H. N. W. and Poon, W. C.-K., and Pusey, P. N. and Stroobants, A. and Warren, P. B.",
	title = "Phase Behavior of Colloid + Polymer Mixtures",
	journal = "Europhysics Letters",
	volume = "20",
	year = "1992",
	pages = "559--564",
}

@Article{glotzer-solomon,
	author = "Glotzer, S. C. and Solomon, M. J.",
	title = "Anisotropy of building blocks and their assembly into complex structures",
	journal = "Nature Materials",
	volume = "6",
	year = "2007",
	pages = "557--562",
}

@Article{desimone-shear,
	author = "Brown, E. and Jaeger, H. M. and Zhang, H. and Forman, N. A. and DeSimone, J. M. and Maynor, B. W. and Betts, D. E.",
	title = "Shear thickening in densly-packed suspensions of spheres and rods confined to a few layers",
	journal = "Journal of Rheology",
	year = "2010",
	volume = "54",
	pages = "1023--1046",
}

@Article{shepherd-janus,
	author = "Shepherd, R. F. and Conrad, J. C. and Rhodes, S. K. and Link, D. R. and Marquez, M. and Weitz, D. A. and Lewis, J. A.",
	title = "Microfluidic Assembly of Homogeneous and Janus Colloid-Filled Hydrogel Granules", 
	journal = "Langmuir",
	year = "2006",
	volume = "22",
	pages = "205--209",
}

@Article{desimone-janus,
	author = "Zhang, H. and Nunes, J. K. and Gratton, S. E. A. and Herlihy, K. P. and Pohlhaus, P. D. and DeSimone, J. M.",
	title = "Fabrication of multiphasic and regio-specifically functionalized PRINT\textregistered particles of controlled size and shape",
	journal = "New Journal of Physics",
	volume = "11",
	year = "2009",
	pages = "075018",
}

@Article{gold-tetrapods,
	author = "Chen, S. H. and Wang, Z. L. and Ballato, J. and Foulger, S. H. and Carrol, D. L.",
	title = "Monopod, bipod, tripod and tetrapod gold nanocrystals",
	journal = "Journal of the American Chemical Society",
	volume = "125",
	pages = "16186--16187",
	year = "2003"
}

@Article{cdte-tetrapods,
	author = "Manna, L. and Milliron, D. J. and Meisel, A. and Scher, E. C. and Alivisatos, A. P.",
	title = "Controlled growth of tetrapod-branched inorganic nanocrystals",
	journal = "Nature Materials",
	volume = "2",
	pages = "382--385",
	year = "2003",
}
